<record><leader>00000cas a22000007a 4500</leader><controlfield tag="001">21428278</controlfield><controlfield tag="008">900425d19391940mouwr ne      0    0eng d</controlfield><datafield ind1=" " ind2=" " tag="010"><subfield code="a">sn 90061428 </subfield></datafield><datafield ind1=" " ind2=" " tag="040"><subfield code="a">MQN</subfield><subfield code="b">eng</subfield><subfield code="c">MQN</subfield><subfield code="d">OCLCQ</subfield></datafield><datafield ind1=" " ind2=" " tag="042"><subfield code="a">msc</subfield></datafield><datafield ind1="0" ind2="4" tag="245"><subfield code="a">The Newburg times.</subfield></datafield><datafield ind1=" " ind2=" " tag="260"><subfield code="a">Newburg, Mo. :</subfield><subfield code="b">Mr. and Mrs. H.S. Rittenhouse,</subfield><subfield code="c">1939-1940.</subfield></datafield><datafield ind1=" " ind2=" " tag="300"><subfield code="a">v.</subfield></datafield><datafield ind1=" " ind2=" " tag="310"><subfield code="a">Weekly</subfield></datafield><datafield ind1="0" ind2=" " tag="362"><subfield code="a">Vol. 1, no. 1 (Jan. 12, 1939)-v. 2, no. 25 (June 28, 1940).</subfield></datafield><datafield ind1=" " ind2=" " tag="752"><subfield code="a">United States</subfield><subfield code="b">Missouri</subfield><subfield code="c">Phelps</subfield><subfield code="d">Newburg.</subfield></datafield><datafield ind1="0" ind2="4" tag="785"><subfield code="t">Rolla herald (Rolla, Mo. : 1909)</subfield><subfield code="w">(DLC)sn 90061423</subfield></datafield></record>